=LDR  01192cam  2200301 a 4500
=005  19981105160905.8
=008  970912s2000\\\\enkab\\\\b\\\\001\0\eng\d
=010  \\$a   97040647 $o3072734
=020  \\$a9780851158068 (pbk)
=020  \\$a0851158064 (pbk)
=035  \\$a(Sirsi) AFH-4648
=040  \\$aDLC$cDLC$dDLC$dOTBIB
=043  \\$ae-fr---
=050  \4$aDC96.5$b.W75 2000
=082  00$a944/.025$221
=100  1\$aWright, Nicholas,$d1945-
=245  10$aKnights and peasants :$bthe Hundred Years War in the French countryside /$cNicholas Wright.
=260  \\$aWoodbridge, Suffolk, UK ;$aRochester, NY :$bBoydell Press,$c2000.
=300  \\$ax, 144 p. :$bill., maps ;$c25 cm.
=440  \0$aWarfare in history,$x1358-779X
=504  \\$aIncludes bibliographical references (p. [129]-137) and index.
=650  \0$aHundred Years' War, 1339-1453$xSocial aspects$zFrance.
=650  \0$aPeasants$zFrance$xSocial conditions.
=650  \0$aChivalry$zFrance$xHistory.
=650  \0$aWar and society$zFrance$xHistory.
=900  \\$au100009
=934  \\$9(DLC)   97040647
=999  \\$aDC96.5 .W75 2000$wLC$c1$i0134103827801$d3/6/2014$e2/18/2014$lSTACKS3$mCAN-NU-ECL$n25$rY$sY$tBOOK$u3/12/2001$xPRINT$zUNKNOWN

