=LDR  00834cam  22002418a 4500
=005  20010212091059.0
=008  000804s2001\\\\mau\\\\\\b\\\\001\0\eng\d
=010  \\$a   00062546 $o12131549
=020  \\$a9780851158068 (pbk)
=020  \\$z0763714224
=035  \\$a(Sirsi) AFH-4671
=040  \\$aDLC$cDLC$dOTBIB
=050  00$aQA267.3$b.L56 2001
=100  1\$aLinz, Peter.
=245  13$aAn introduction to formal languages and automata /$cPeter Linz.
=250  \\$a3rd ed.
=260  \\$aBoston :$bJones and Bartlett,$cc2001.
=300  \\$axi, 410 p. :$bill.
=504  \\$aIncludes bibliographical references (p. 405) and index.
=650  \0$aFormal languages.
=650  \0$aMachine theory.
=900  \\$au100015
=999  \\$aQA267.3 .L56 2001$wLC$c1$i0134103827777$d4/3/2008$e1/14/2008$lSTACKS2$mCAN-NU-ECL$n2$rY$sY$tBOOK$u3/12/2001$xPRINT$zUNKNOWN

