=LDR  01119cam  2200337 a 4500
=003  OCoLC
=005  20010309102943.0
=008  000814s2001\\\\nyu\\\\\\\\\\\000\1\eng\\
=010  \\$a   00062673 $o44883576
=020  \\$a0763714224
=020  \\$a0399146431 (acid-free paper)
=020  \\$a9780399146855 (limited ed.)
=020  \\$a0399146857 (limited ed.)
=035  \\$a(Sirsi) AFH-4672
=040  \\$aDLC$cDLC$dNMP$dC#P$dOTBIB
=043  \\$an-us---$aa-cc---
=050  00$aPS3570.A48$bB6 2001
=082  00$a813/.54$221
=100  1\$aTan, Amy.
=245  14$aThe bonesetter's daughter /$cAmy Tan.
=260  \\$aNew York :$bG.P. Putnam's,$cc2001.
=300  \\$a353 p. ;$c24 cm.
=650  \0$aChinese American families$vFiction.
=650  \0$aChinese American women$vFiction.
=650  \0$aMothers and daughters$vFiction.
=650  \0$aWomen immigrants$vFiction.
=650  \0$aWomen$zChina$vFiction.
=651  \0$aChina$vFiction.
=655  \7$aDomestic fiction.
=900  \\$au100016
=999  \\$aPS3570.A48 B6 2001$wLC$c1$i0134103812191$d6/5/2007$e5/29/2007$lSTACKS2$mCAN-NU-ECL$n4$rY$sY$tBOOK$u3/9/2001$xPRINT$zUNKNOWN

