=LDR  01036cam  2200241 a 4500
=008  940706s1993\\\\onca\\\j\\\\\\00000\fre\d
=020  \\$a9780773052031
=020  \\$a0773052038
=035  \\$a(Sirsi) AFH-4686
=040  \\$aOTBIB$cOTBIB
=050  \4$aPC2129.E5$bP471525 1993
=245  00$aDestinations 4.$pTeacher's manual /$cHeidi Gollert ... [et al.].
=246  14$aDestinations 4. Teacher's resource binder
=260  \\$aToronto :$bCopp Clark Pitman,$cc1993.
=300  \\$a1 v. (various pagins) :$bill.
=500  \\$aFor English-speaking students of French as a second language.
=500  \\$aFor use with: Destinations 4 / Elver Peruzzo, Claire Pich{acute}e, Heidi Gollert,
=650  \0$aFrench language$xTextbooks for foreign speakers$xEnglish$vProblems, exercises, etc.
=700  10$aGollert, Heidi.
=700  1\$aPeruzzo, Elver.$tDestinations 4.
=900  \\$au100019
=934  00$iMARION/AES-6483/10LTSOI
=999  \\$aPC2129.E5 P471525 1993$wLC$c1$i0134108001667$d7/14/2008$e7/2/2008$lSTACKS2$mCAN-NU-ECL$n6$rY$sY$tBOOK$u3/9/2001$xPRINT$zUNKNOWN

