=LDR  00877cam  2200253Ia 4500
=003  OCoLC
=005  20010309110543.0
=008  930826s1993\\\\nyu\\\\\\\\\\\000\0\eng\d
=010  \\$o28699051
=020  \\$a9781561310608
=020  \\$a1561310603
=035  \\$a(Sirsi) AFH-4687
=040  \\$aOCJ$cOCJ$dMTH$dOCL$dOTBIB
=050  00$aPR5581$b.P34 1993
=082  \\$a821.8$220
=100  1\$aPage, Norman.
=245  10$aTennyson :$ban illustrated life /$cNorman Page.
=260  \\$aNew York, NY :$bNew Amsterdam,$c1993.
=300  \\$a192 p. :$bill., facsims., geneal. tables, ports. ;$c23 x 23 cm.
=500  \\$aIncludes index.
=600  10$aTennyson, Alfred,$cBaron,$d1809-1892.
=650  \0$aPoets, English$y19th century$vBiography.
=900  \\$au100020
=999  \\$aPR5581 .P34 1993$wLC$c1$i0134113775255$d12/6/2006$e12/4/2006$lSTACKS2$mCAN-NU-ECL$n8$rY$sY$tBOOK$u3/9/2001$xPRINT$zUNKNOWN

