=LDR  01169cam  2200301 a 4500
=005  19980107063434.0
=008  961210s1999\\\\enk\\\\\\b\\\\001\0\eng\d
=010  \\$a   96053341 $o2582328
=020  \\$a0198238657 (pbk)
=020  \\$a0198238657 (pbk)
=035  \\$a(Sirsi) AFH-4691
=040  \\$aDLC$cDLC$dDLC$dOTBIB
=041  1\$aeng$hgerpal
=050  \4$aB3318.B83$bM67 1999
=082  00$a193$221
=100  1\$aMorrison, Robert G.
=245  10$aNietzsche and Buddhism :$ba study in nihilism and ironic affinities /$cRobert G. Morrison.
=260  \\$aOxford ;$aNew York :$bOxford University Press,$c1999.
=300  \\$ax, 250 p. ;$c23 cm.
=504  \\$aIncludes bibliographical references (p. [227]-242) and index.
=546  \\$aIncludes translated quotes from German and Pali.
=600  10$aNietzsche, Friedrich Wilhelm,$d1844-1900$xViews on Buddhism.
=650  \0$aBuddhism$xDoctrines.
=650  \0$aNihilism$xReligious aspects$xBuddhism.
=650  \0$aNihilism (Philosophy)
=900  \\$au100021
=934  \\$9(DLC)   96053341
=999  \\$aB3318.B83 M67 1999$wLC$c1$i0134103827843$d4/8/2014$e4/5/2014$lSTACKS3$mCAN-NU-ECL$n9$rY$sY$tBOOK$u3/12/2001$xPRINT$zUNKNOWN

