=LDR  01067cam  2200289 a 4500
=008  840531s1984\\\\xxca\\\\\b\\\f0001\\eng\u
=010  \\$o2903169
=016  \\$a840729340
=020  \\$a9780660115290 (pbk.)
=020  \\$a0660115298 (pbk.)
=035  \\$a(Sirsi) AAD-0843
=040  \\$dOTBIB
=043  \\$an-cn---
=050  \4$aNA740$b.M27
=086  1\$aR61-2/9-9E
=100  1\$aMaitland, Leslie.
=245  10$aNeoclassical architecture in Canada /$cLeslie Maitland.
=260  \\$a[Ottawa] :$bParks Canada, National Historic Parks and Sites Branch,$c1984.
=300  \\$a150 p. :$bill. ;$c25 cm.
=440  \0$aStudies in archaeology, architecture, and history
=500  \\$aIssued also in French under title: L'architecture n{acute}eo-classique au Canada.
=504  \\$aBibliography: p. 139-150.
=650  \0$aArchitecture$zCanada$xHistory.
=710  2\$aParks Canada.$bNational Historic Parks and Sites Branch.
=900  \\$au100026
=935  0\$a0775970
=999  \\$aNA740 .M27$wLC$c1$i003063578$d3/22/2013$e3/12/2013$lSTACKS2$mCAN-NU-ECL$rY$sY$tBOOK$u8/15/1996$xPRINT$zUNKNOWN

