=LDR  01479cam  2200349 a 4500
=008  910426s2000\\\\onc\\\\\\b\\\\0001\\eng\d
=016  \\$a 910944326
=020  \\$a9780590740708
=020  \\$a0590740709
=035  \\$a(Sirsi) AFH-4711
=040  \\$aOTBIB$cOTBIB
=050  \4$aQ164$b.B65 2000
=082  \\$a502/.820
=100  1\$aBosak, Susan V.
=245  10$aScience is-- /$cSusan V. Bosak ; with Douglas A. Bosak, Brian A. Puppa.
=250  \\$a2nd ed.
=260  \\$aMarkham, Ont. :$bScholastic Canada,$cc2000.
=300  \\$a515 p. :$bill.
=500  \\$a"A source book of fascinating facts, projects and activities"--Cover.
=500  \\$aCo-published by the Communication Project.
=504  \\$aIncludes bibliographical references (p. 492-509)
=650  \6$aJeux scientifiques$xOuvrages pour la jeunesse.
=650  \0$aScience$vJuvenile literature.
=650  \6$aSciences$xExp{acute}eriences$xOuvrages pour la jeunesse.
=650  \0$aScientific recreations$xJuvenile literature.
=650  \6$aSciences$xOuvrages pour la jeunesse.
=650  \0$aScience$xExperiments$xJuvenile literature.
=710  20$aCommunication Project (Markham, Ont.)
=900  \\$au100027
=934  00$iMARION/AEN-5567/10LTSOI
=999  \\$aQ164 .B65 2000$wLC$c1$i0134112910176$d11/18/2013$e11/6/2013$lSTACKS2$mCAN-NU-ECL$n59$q1$rY$sY$tBOOK$u3/12/2001$xPRINT$zUNKNOWN
=999  \\$aQ164 .B65 2000$wLC$c1$i0134106011551$d9/25/2003$e8/27/2003$f7/15/2003$lBRANTFORDC$mNIP-BRANT$n1$rY$sY$tBOOK$u8/13/2003$xPRINT

