=LDR  01280cam  2200313 a 4500
=003  OCoLC
=005  20010309131615.0
=008  930208s1993\\\\nyu\\\\\\b\\\\001\0\eng\\
=010  \\$a   93016427 $o27643048
=020  \\$a9780873527057 (cloth : recycled paper)
=020  \\$a0873527054 (cloth : recycled paper)
=020  \\$a9780873527064 (pbk. : recycled paper)
=020  \\$a0873527062 (pbk. : recycled paper)
=035  \\$a(Sirsi) AFH-4719
=040  \\$aDLC$cDLC$dOTBIB
=050  00$aPR4167.J5$bA66 1993
=082  00$a823/.8$220
=245  00$aApproaches to teaching Bront{uml}e's Jane Eyre /$cedited by Diane Long Hoeveler and Beth Lau.
=260  \\$aNew York :$bModern Language Association of America,$c1993.
=300  \\$aix, 180 p. ;$c23 cm.
=440  \0$aApproaches to teaching world literature ;$v42
=504  \\$aIncludes bibliographical references (p. [163]-176) and index.
=600  10$aBront{uml}e, Charlotte,$d1816-1855.$tJane Eyre.
=600  10$aBront{uml}e, Charlotte,$d1816-1855$xStudy and teaching.
=650  \0$aGovernesses in literature.
=700  1\$aHoeveler, Diane Long.
=700  1\$aLau, Beth,$d1951-
=900  \\$au100028
=999  \\$aPR4167.J5 A66 1993$wLC$c1$i0134103827850$d3/28/2011$e3/8/2011$lSTACKS2$mCAN-NU-ECL$n17$p{dollar}34.00$rY$sY$tBOOK$u3/12/2001$xPRINT$zUNKNOWN

