=LDR  01180cam  2200301 a 4500
=003  OCoLC
=005  20010309134649.0
=008  000711s2000\\\\nyua\\\\\b\\\\001\0\eng\\
=010  \\$a   00059291 $o44669531
=020  \\$a9780873529785 (pbk.)
=020  \\$a0873529782 (pbk.)
=035  \\$a(Sirsi) AFH-4725
=040  \\$aDLC$cDLC$dC#P$dOTBIB
=050  00$aPR56$b.B34 2000
=082  00$a820/.7/2$221
=100  1\$aBaker, Nancy L.,$d1950-
=245  12$aA research guide for undergraduate students :$bEnglish and American literature /$cNancy L. Baker and Nancy Huling.
=250  \\$a5th ed.
=260  \\$aNew York :$bModern Language Association of America,$c2000.
=300  \\$aviii, 105 p. :$bill. ;$c23 cm.
=504  \\$aIncludes bibliographical references (p. 85-99) and index.
=650  \0$aEnglish literature$xResearch$xMethodology.
=650  \0$aAmerican literature$xResearch$xMethodology.
=650  \0$aAmerican literature$vBibliography.
=650  \0$aEnglish literature$vBibliography.
=700  1\$aHuling, Nancy,$d1950-
=900  \\$au100029
=999  \\$aPR56 .B34 2000$wLC$c1$i0134103827868$d11/26/2007$e11/21/2007$lSTACKS2$mCAN-NU-ECL$n1$rY$sY$tBOOK$u3/12/2001$xPRINT$zUNKNOWN

