=LDR  01000cam  2200289 a 4500
=003  OCoLC
=005  20010309135247.0
=008  840828s1985\\\\nyu\\\\\\b\\\\000\0\eng\\
=010  \\$a   84020538 $o11159440
=020  \\$a9780873521352
=020  \\$a0873521358
=035  \\$a(Sirsi) AFH-4726
=040  \\$aDLC$cDLC$dOTBIB
=043  \\$ae-uk---
=050  0\$aZ2014.F4$bV36 1985
=082  0\$a016.823/8$219
=100  1\$aVann, J. Don$q(Jerry Don),$d1938-
=245  10$aVictorian novels in serial /$cJ. Don Vann.
=260  \\$aNew York :$bModern Language Association of America,$c1985.
=300  \\$ax, 181 p. ;$c24 cm.
=440  \0$aIndex Society Fund publications
=504  \\$aIncludes bibliography.
=650  \0$aEnglish fiction$y19th century$xBibliography.
=650  \0$aSerialized fiction$zGreat Britain$xBibliography.
=650  \0$aEnglish periodicals$vBibliography.
=900  \\$au100031
=999  \\$aZ2014.F4 V36 1985$wLC$c1$i0134103827892$lSTACKS2$mCAN-NU-ECL$rY$sY$tBOOK$u3/12/2001$xPRINT$zUNKNOWN

