=LDR  01367cam  2200289 a 4500
=005  19970402095710.5
=008  960305s1996\\\\maua\\\\\b\\\\001\0\eng\\
=010  \\$a   96012570 $o3997180
=020  \\$a9780792397168 (acid-free paper)
=020  \\$a0792397169 (acid-free paper)
=035  \\$a(Sirsi) AFH-4735
=040  \\$aDLC$cDLC$dDLC$dOTBIB
=050  00$aQA76.87$b.T487 1996
=100  1\$aThrun, Sebastian,$d1967-
=245  10$aExplanation-based neural network learning :$ba lifelong learning approach /$cby Sebastian Thrun.
=260  \\$aBoston :$bKluwer Academic Publishers,$cc1996.
=300  \\$axiv, 264 p. :$bill. ;$c24 cm.
=490  1\$aKluwer international series in engineering and computer science.$aKnowledge representation, learning and expert systems
=504  \\$aIncludes bibliographical references (p. 227-252) and index.
=650  \0$aNeural networks (Computer science)
=650  \0$aMachine learning.
=650  \0$aArtificial intelligence.
=830  \4$aThe Kluwer international series in engineering and computer science.
=830  \0$aKluwer international series in engineering and computer science.$pKnowledge representation, learning, and expert systems.
=900  \\$au100032
=934  \\$9(DLC)   96012570
=999  \\$aQA76.87 .T487 1996$wLC$c1$i0134103830847$d11/6/2003$e11/1/2003$lSTACKS2$mCAN-NU-ECL$n5$rY$sY$tBOOK$u3/14/2001$xPRINT$zUNKNOWN

