=LDR  01012cam  2200265 a 4500
=005  19960304074706.2
=008  951010s1996\\\\maua\\\\\b\\\\001\0\eng\\
=010  \\$a   95045774 $o1617624
=020  \\$a9780792396673 (acid-free paper)
=020  \\$a0792396677 (acid-free paper)
=035  \\$a(Sirsi) AFH-4737
=040  \\$aDLC$cDLC$dDLC$dOTBIB
=050  00$aQA76.9.D3$bP4952 1996
=100  1\$aPetry, Fred.
=245  10$aFuzzy databases :$bprinciples and applications /$cby Frederick E. Petry ; with contribution by Patrick Bosc.
=260  \\$aBoston :$bKluwer Academic Publishers,$cc1996.
=300  \\$ax, 226 p. :$bill. ;$c25 cm.
=440  \0$aInternational series in intelligent technologies ;$v5
=504  \\$aIncludes bibliographical references and index.
=650  \0$aDatabase management.
=650  \0$aFuzzy sets.
=700  1\$aBosc, Patrick.
=900  \\$au100033
=934  \\$9(DLC)   95045774
=999  \\$aQA76.9.D3 P4952 1996$wLC$c1$i0134103827769$lSTACKS2$mCAN-NU-ECL$rY$sY$tBOOK$u3/12/2001$xPRINT$zUNKNOWN


